%% This BibTeX bibliography file was created using BibDesk.
%% http://bibdesk.sourceforge.net/

%% Created for David at 2019-11-25 11:00:39 +0000 


%% Saved with string encoding Unicode (UTF-8) 



@article{Tversky1974,
	Author = {Tversky, A. and Kahneman, D.},
	Date-Added = {2019-11-25 10:57:52 +0000},
	Date-Modified = {2019-11-25 11:00:29 +0000},
	Journal = {Science},
	Number = {4157},
	Pages = {1124-1131},
	Title = {Judgment under Uncertainty: Heuristics and Biases},
	Volume = {185},
	Year = {1974}}

@article{hrobjartsson2010,
	Author = {Hr{\'o}bjartsson, A and G{\o}tzsche, PC},
	Journal = {Cochrane Database of Systematic Reviews},
	Number = {1},
	Title = {Placebo interventions for all clinical conditions},
	Url = {https://doi.org//10.1002/14651858.CD003974.pub3},
	Year = {2010},
	Bdsk-Url-1 = {https://doi.org//10.1002/14651858.CD003974.pub3}}

@article{Gelman2013,
	Author = {Gelman, Andrew and Loken, Eric},
	Date-Added = {2018-08-16 07:01:49 +0100},
	Date-Modified = {2018-08-16 07:02:32 +0100},
	Publisher = {Citeseer},
	Title = {The garden of forking paths: Why multiple comparisons can be a problem, even when there is no ``fishing expedition'' or ``p-hacking'' and the research hypothesis was posited ahead of time},
	Year = {2013}}

@manual{Morey2015,
	Author = {Richard D. Morey and Jeffrey N. Rouder},
	Note = {R package version 0.9.10-1},
	Title = {BayesFactor: Computation of Bayes Factors for Common Designs},
	Url = {http://CRAN.R-project.org/package=BayesFactor},
	Year = {2015},
	Bdsk-Url-1 = {http://CRAN.R-project.org/package=BayesFactor}}

@article{Gelman2014,
	Author = {Gelman, Andrew and Loken, Eric},
	Doi = {10.1511/2014.111.460},
	Issn = {0003-0996},
	Journal = {American Scientist},
	Number = {6},
	Pages = {460+},
	Title = {{The statistical crisis in science}},
	Url = {http://mfkp.org/INRMM/article/13469628},
	Volume = {102},
	Year = {2014},
	Bdsk-Url-1 = {http://mfkp.org/INRMM/article/13469628},
	Bdsk-Url-2 = {https://doi.org/10.1511/2014.111.460}}

@book{Everitt1996,
	Author = {Everitt, Brian S.},
	Publisher = {Oxford University Press},
	Title = {Making Sense of Statistics in Psychology. A Second-Level Course},
	Year = 1996}

@article{Rouder2009,
	Author = {Rouder, J. N. and Speckman, P. L. and Sun, D. and Morey, R. D. and Iverson, G.},
	Journal = {Psychonomic Bulletin \& Review},
	Pages = {225-237},
	Title = {Bayesian t-tests for accepting and rejecting the null hypothesis},
	Volume = 16,
	Year = {2009}}

@article{Peterson1984,
	Author = {Peterson, C. and Seligman, M.},
	Journal = {Psychological Review},
	Pages = {347-74},
	Title = {Causal Explanations as a Risk Factor for Depression: Theory and Evidence},
	Volume = 91,
	Year = {1984}}

@article{Hewitt2004,
	Author = {Hewitt, A. K. and Foxcroft, D. R. and MacDonald, J.},
	Journal = {Personality and Individual Differences},
	Pages = {1483-1491},
	Title = {Multitrait-multimethod confirmatory factor analysis of the Attributional Style Questionnaire},
	Volume = {37(7)},
	Year = {2004}}

@article{Fabrigar1999,
	Author = {Fabrigar, L. R. and Wegener, D. T. and MacCallum, R. C. and Strahan, E. J.},
	Journal = {Psychological Methods},
	Pages = {272-299},
	Title = {Evaluating the use of exploratory factor analysis in psychological research},
	Volume = 4,
	Year = {1999}}

@article{Cronbach1951,
	Author = {Chronbach, L. J.},
	Journal = {Psychometrika},
	Pages = {297-334},
	Title = {Coefficient alpha and the internal structure of tests},
	Volume = {16(3)},
	Year = {1951}}

@article{Geschwind1972,
	Author = {Geschwind, N.},
	Journal = {Scientific American},
	Pages = {76-83},
	Title = {Language and the brain},
	Volume = {226(4)},
	Year = {1972}}

@article{Box1953,
	Author = {Box, G. E. P.},
	Journal = {Biometrika},
	Pages = {318-335},
	Title = {Non-normality and tests on variances},
	Volume = 40,
	Year = {1953}}

@article{Gunel1974,
	Author = {Erdogan Gunel and James Dickey},
	Journal = {Biometrika},
	Pages = {545-557},
	Title = {Bayes Factors for Independence in Contingency Tables},
	Year = 1974}

@article{Kuhberger2014,
	Author = {K{\"u}hberger, A and Fritz, A and Scherndl, T.},
	Date-Modified = {2018-08-16 06:56:04 +0100},
	Journal = {Public Library of Science One},
	Pages = {1-8},
	Title = {Publication bias in psychology: A diagnosis based on the correlation between effect size and sample size},
	Volume = 9,
	Year = 2014}

@article{Johnson2013,
	Author = {Johnson, Valen E},
	Journal = {Proceedings of the National Academy of Sciences},
	Number = {48},
	Pages = {19313--19317},
	Title = {Revised standards for statistical evidence},
	Year = {2013}}

@book{Jeffreys1961,
	Author = {Harold Jeffreys},
	Edition = {3rd},
	Publisher = {Oxford},
	Title = {The Theory of Probability},
	Year = 1961}

@book{Pfungst1911,
	Author = {Pfungst, O.},
	Location = {New York},
	Publisher = {Henry Holt},
	Title = {Clever Hans (The horse of Mr. von Osten): A contribution to experimental animal and human psychology},
	Translator = {C. L. Rahn},
	Year = 1911}

@book{Rosenthal1966,
	Author = {Rosenthal, R},
	Location = {New York},
	Publisher = {Appleton},
	Title = {Experimenter effects in behavioral research},
	Year = 1966}

@book{Hothersall2004,
	Author = {Hothersall, D.},
	Publisher = {McGraw-Hill},
	Title = {History of Psychology},
	Year = 2004}

@article{Adair1984,
	Author = {Adair, G.},
	Journal = {Journal of Applied Psychology},
	Pages = {334-345},
	Title = {The Hawthorne effect: A reconsideration of the methodological artifact},
	Volume = 69,
	Year = 1984}

@article{Kahneman1973,
	Author = {Kahneman, D. and Tversky, A.},
	Journal = {Psychological Review},
	Pages = {237-251},
	Title = {On the psychology of prediction},
	Volume = 80,
	Year = 1973}

@article{Kass1995,
	Author = {Robert E. Kass and Adrian E. Raftery},
	Journal = {Journal of the American Statistical Association},
	Pages = {773-795},
	Title = {Bayes factors},
	Volume = 90,
	Year = 1995}

@book{Lehmann2011,
	Author = {Erich L. Lehmann},
	Publisher = {Springer},
	Title = {Fisher, {N}eyman, and the Creation of Classical Statistics},
	Year = 2011}

@article{Box1976,
	Author = {George E. P. Box},
	Date-Modified = {2018-08-13 12:58:28 +0100},
	Journal = {Journal of the American Statistical Association},
	Pages = {791-799},
	Title = {Science and Statistics},
	Volume = 71,
	Year = 1976}

@book{Keynes1923,
	Address = {London},
	Author = {John Maynard Keynes},
	Publisher = {Macmillan and Company},
	Title = {A Tract on Monetary Reform},
	Year = 1923}

@book{Jaynes2003,
	Author = {E. T. Jaynes},
	Publisher = {Cambridge University Press},
	Title = {Probability Theory: The Logic of Science},
	Year = 2003}

@book{Hastie2009,
	Author = {Trevor Hastie and Robert Tibshirani and Jerome Friedman},
	Publisher = {Springer},
	Title = {The Elements of Statistical Learning: Data Mining, Inference and Prediction (2nd Ed)},
	Year = {2009}}

@book{Evans2011,
	Address = {New York, NY},
	Author = {M. Evans and N. Hastings and B. Peacock},
	Publisher = {Wiley},
	Title = {Statistical Distributions (3rd ed)},
	Year = 2011}

@book{Wilkinson2006,
	Author = {Wilkinson, Leland and Wills, D and Rope, D and Norton, A and Dubbs, R},
	Publisher = {Springer},
	Title = {The grammar of graphics},
	Year = {2006}}

@book{Matloff2011,
	Author = {Matloff, Norman and Matloff, Norman S},
	Publisher = {No Starch Press},
	Title = {The art of {R} programming: A tour of statistical software design},
	Year = {2011}}

@book{Braun2007,
	Author = {Braun, John and Murdoch, Duncan J},
	Publisher = {Cambridge University Press Cambridge},
	Title = {A first course in statistical programming with {R}},
	Year = {2007}}

@article{Ellman2002,
	Author = {Ellman, Michael},
	Journal = {Europe-Asia Studies},
	Number = {7},
	Pages = {1151--1172},
	Publisher = {Taylor \& Francis},
	Title = {Soviet repression statistics: some comments},
	Volume = {54},
	Year = {2002}}

@article{Ioannidis2005,
	Author = {Ioannidis, John P. A.},
	Journal = {PLoS Med},
	Number = {8},
	Pages = {697-701},
	Publisher = {Public Library of Science},
	Title = {Why Most Published Research Findings Are False},
	Volume = {2},
	Year = {2005}}

@book{Hsu1996,
	Address = {London, UK},
	Author = {Hsu, J. C.},
	Publisher = {Chapman and Hall},
	Title = {Multiple Comparisons: Theory and Methods},
	Year = 1996}

@book{Sahai2000,
	Address = {Boston},
	Author = {Sahai, H. and Ageel, M. I.},
	Publisher = {Birkhauser},
	Title = {The Analysis of Variance: Fixed, Random and Mixed Models},
	Year = 2000}

@book{Searle1987,
	Address = {New York, NY},
	Author = {Searle, S. R.},
	Publisher = {Wiley},
	Title = {Linear Models for Unbalanced Data},
	Year = 1987}

@book{Hocking1996,
	Address = {New York, NY},
	Author = {Hocking, R. R.},
	Publisher = {Wiley},
	Title = {Methods and Applications of Linear Models: Regression and the Analysis of Variance},
	Year = 1996}

@book{Kruschke2011,
	Address = {Burlington, MA},
	Author = {Kruschke, J. K.},
	Publisher = {Academic Press},
	Title = {Doing {B}ayesian Data Analysis: A Tutorial with {R} and {BUGS}},
	Year = 2011}

@book{Lee2014,
	Author = {Lee, Michael D and Wagenmakers, Eric-Jan},
	Publisher = {Cambridge University Press},
	Title = {Bayesian cognitive modeling: A practical course},
	Year = {2014}}

@article{Wickham2007,
	Author = {Wickham, H.},
	Journal = {Journal of Statistical Software},
	Title = {Reshaping data with the reshape package},
	Volume = 21,
	Year = 2007}

@manual{Friendly2011,
	Author = {Michael Friendly},
	Note = {R package version 0.6-12},
	Title = {HistData: Data sets from the history of statistics and data visualization},
	Url = {http://CRAN.R-project.org/package=HistData},
	Year = {2011},
	Bdsk-Url-1 = {http://CRAN.R-project.org/package=HistData}}

@book{Stigler1986,
	Address = {Cambridge, MA},
	Author = {Stigler, S. M.},
	Publisher = {Harvard University Press},
	Title = {The History of Statistics},
	Year = 1986}

@article{Stevens1946,
	Author = {Stevens, S. S.},
	Journal = {Science},
	Pages = {677--680},
	Title = {On the theory of scales of measurement},
	Volume = 103,
	Year = 1946}

@book{Campbell1963,
	Address = {Boston, MA},
	Author = {Campbell, D. T. and Stanley, J. C.},
	Publisher = {Houghton Mifflin},
	Title = {Experimental and Quasi-Experimental Designs for Research},
	Year = 1963}

@book{Spector2008,
	Address = {New York, NY},
	Author = {Spector, P.},
	Publisher = {Springer},
	Title = {Data Manipulation with {R}},
	Year = 2008}

@book{Teetor2011,
	Address = {Sebastopol, CA},
	Author = {Teetor, P.},
	Publisher = {O'Reilly},
	Title = {R Cookbook},
	Year = 2011}

@article{Evans1983,
	Author = {Evans, J. St. B. T. and Barston, J. L. and Pollard, P.},
	Date-Modified = {2018-08-13 14:10:21 +0100},
	Journal = {Memory and Cognition},
	Pages = {295--306},
	Title = {On the conflict between logic and belief in syllogistic reasoning},
	Volume = 11,
	Year = 1983}

@article{Bickel1975,
	Author = {Bickel, P. J. and Hammel, E. A. and O'Connell, J. W.},
	Journal = {Science},
	Pages = {398--404},
	Title = {Sex bias in graduate admissions: Data from {B}erkeley},
	Volume = 187,
	Year = 1975}

@article{Anscombe1973,
	Author = {Anscombe, F. J.},
	Journal = {American Statistician},
	Pages = {17--21},
	Title = {Graphs in statistical analysis},
	Volume = 27,
	Year = 1973}

@manual{R2011,
	Address = {Vienna, Austria},
	Author = {{R Development Core Team}},
	Note = {{ISBN} 3-900051-07-0},
	Organization = {R Foundation for Statistical Computing},
	Title = {R: A Language and Environment for Statistical Computing},
	Url = {http://www.R-project.org/},
	Year = {2011},
	Bdsk-Url-1 = {http://www.R-project.org/}}

@manual{R2013,
	Address = {Vienna, Austria},
	Author = {{R Core Team}},
	Organization = {R Foundation for Statistical Computing},
	Title = {R: A Language and Environment for Statistical Computing},
	Year = {2013}}

@article{Akaike1974,
	Author = {Akaike, H.},
	Journal = {IEEE Transactions on Automatic Control},
	Pages = {716--723},
	Title = {A new look at the statistical model identification},
	Volume = 19,
	Year = 1974}

@book{Fox2011,
	Address = {Los Angeles},
	Author = {Fox, J. and Weisberg, S.},
	Edition = {2nd},
	Publisher = {Sage},
	Title = {An {R} Companion to Applied Regression},
	Year = 2011}

@article{Cook1983,
	Author = {Cook, R. D. and Weisberg, S.},
	Journal = {Biometrika},
	Pages = {1-10},
	Title = {Diagnostics for heteroscedasticity in regression},
	Volume = 70,
	Year = 1983}

@article{Long2000,
	Author = {Long, J.S. and Ervin, L.H.},
	Journal = {The American Statistician},
	Pages = {217-224},
	Title = {Using heteroscedasticity consistent standard errors in thee linear regression model},
	Volume = 54,
	Year = 2000}

@article{White1980,
	Author = {White, H.},
	Journal = {Econometrika},
	Pages = {817-838},
	Title = {A heteroskedasticity-consistent covariance matrix estimator and a direct test for heteroskedasticity},
	Volume = 48,
	Year = 1980}

@article{Cohen1992,
	Author = {Cohen, J},
	Date-Modified = {2018-08-13 13:14:03 +0100},
	Journal = {Psychological Bulletin},
	Pages = {155--159},
	Title = {A power primer},
	Volume = 112,
	Year = 1992}

@book{Hedges1985,
	Address = {New York},
	Author = {Hedges, L. V. and Olkin, I.},
	Publisher = {Academic Press},
	Title = {Statistical Methods for Meta-Analysis},
	Year = 1985}

@article{Hedges1981,
	Author = {Hedges, L. V.},
	Journal = {Journal of Educational Statistics},
	Pages = {107--128},
	Title = {Distribution theory for Glass's estimator of effect size and related estimators},
	Volume = 6,
	Year = 1981}

@article{McGrath2006,
	Author = {McGrath, R. E. and Meyer, G. J.},
	Journal = {Psychological Methods},
	Pages = {386--401},
	Title = {When effect sizes disagree: The case of $r$ and $d$},
	Volume = 11,
	Year = 2006}

@book{Cohen1988,
	Author = {Cohen, J.},
	Edition = {2nd},
	Publisher = {Lawrence Erlbaum},
	Title = {Statistical Power Analysis for the Behavioral Sciences},
	Year = 1988}

@article{Student1908,
	Author = {Student, A.},
	Journal = {Biometrika},
	Pages = {1--2},
	Title = {The probable error of a mean},
	Volume = 6,
	Year = 1908}

@article{Box1987,
	Author = {Box, J. F.},
	Journal = {Statistical Science},
	Pages = {45--52},
	Title = {Guinness, Gosset, Fisher, and Small Samples},
	Volume = {2},
	Year = {1987}}

@article{Gelman2006,
	Author = {Gelman, A. and Stern, H.},
	Journal = {The American Statistician},
	Pages = {328-331},
	Title = {The difference between ``significant'' and ``not significant'' is not itself statistically significant},
	Volume = 60,
	Year = 2006}

@book{Hogg2005,
	Address = {Upper Saddle River, NJ},
	Author = {Hogg, R. V. and McKean, J. V. and Craig, A. T.},
	Edition = {6th},
	Publisher = {Pearson},
	Title = {Introduction to Mathematical Statistics},
	Year = 2005}

@article{McNemar1947,
	Author = {McNemar, Q.},
	Journal = {Psychometrika},
	Pages = {153--157},
	Title = {Note on the sampling error of the difference between correlated proportions or percentages},
	Volume = 12,
	Year = 1947}

@article{Shapiro1965,
	Author = {Shapiro, S. S. and Wilk, M. B.},
	Journal = {Biometrika},
	Pages = {591--611},
	Title = {An analysis of variance test for normality (complete samples)},
	Volume = 52,
	Year = 1965}

@article{Pearson1900,
	Author = {Pearson, K.},
	Journal = {Philosophical Magazine},
	Pages = {157--175},
	Title = {On the criterion that a given system of deviations from the probable in the case of a correlated system of variables is such that it can be reasonably supposed to have arisen from random sampling},
	Volume = {50},
	Year = 1900}

@article{Larntz1978,
	Author = {Larntz, K.},
	Journal = {Journal of the American Statistical Association},
	Pages = {253--263},
	Title = {Small-sample comparisons of exact levels for chi-squared goodness-of-fit statistics},
	Volume = 73,
	Year = 1978}

@article{Meehl1967,
	Author = {Meehl, P. H.},
	Journal = {Philosophy of Science},
	Pages = {103--115},
	Title = {Theory testing in psychology and physics: A methodological paradox},
	Volume = 34,
	Year = 1967}

@article{Fisher1922a,
	Author = {Fisher, R. A.},
	Journal = {Journal of the Royal Statistical Society},
	Pages = {87--94},
	Title = {On the interpretation of $\chi^2$ from contingency tables, and the calculation of $p$},
	Volume = 84,
	Year = 1922}

@article{Fisher1922b,
	Author = {Fisher, R. A.},
	Journal = {Philosophical Transactions of the Royal Society A},
	Pages = {309--368},
	Title = {On the mathematical foundation of theoretical statistics},
	Volume = 222,
	Year = 1922}

@article{Yates1934,
	Author = {Yates, F.},
	Journal = {Supplement to the Journal of the Royal Statistical Society},
	Pages = {217--235},
	Title = {Contingency tables involving small numbers and the $\chi^2$ test},
	Volume = 1,
	Year = 1934}

@article{Cochran1954,
	Author = {Cochran, W. G.},
	Journal = {The Annals of Mathematical Statistics},
	Pages = {315--345},
	Title = {The $\chi^2$ test of goodness of fit},
	Volume = 23,
	Year = 1954}

@book{Agresti1996,
	Address = {Hoboken, New Jersey},
	Author = {Agresti, A.},
	Publisher = {Wiley},
	Title = {An Introduction to Categorical Data Analysis},
	Year = 1996}

@book{Agresti2002,
	Address = {Hoboken, New Jersey},
	Author = {Agresti, A.},
	Edition = {2nd},
	Publisher = {Wiley},
	Title = {Categorical Data Analysis},
	Year = 2002}

@book{Sokal1994,
	Address = {New York},
	Author = {Sokal, R. R. and Rohlf, F. J.},
	Edition = {3rd},
	Publisher = {Freeman},
	Title = {Biometry: the principles and practice of statistics in biological research},
	Year = 1994}

@book{Ellis2010,
	Address = {Cambridge, UK},
	Author = {Ellis, P. D.},
	Publisher = {Cambridge University Press},
	Title = {The Essential Guide to Effect Sizes: Statistical Power, Meta-Analysis, and the Interpretation of Research Results},
	Year = 2010}

@book{Cramer1946,
	Address = {Princeton},
	Author = {Cramer, H.},
	Date-Modified = {2018-08-13 13:10:41 +0100},
	Publisher = {Princeton University Press},
	Title = {Mathematical Methods of Statistics},
	Year = 1946}

@book{Theil1972,
	Address = {Amsterdam},
	Author = {Theil, H.},
	Publisher = {North Holland},
	Title = {Statistical Decomposition Analysis},
	Year = 1972}

@book{Fisher1925,
	Address = {Edinburgh, UK},
	Author = {Fisher, R. A.},
	Publisher = {Oliver \& Boyd},
	Title = {Statistical Methods for Research Workers},
	Year = 1925}

@book{Hays1994,
	Address = {Fort Worth, TX},
	Author = {Hays, W. L.},
	Edition = {5th},
	Publisher = {Harcourt Brace},
	Title = {Statistics},
	Year = 1994}

@article{Holm1979,
	Author = {Holm, S.},
	Journal = {Scandinavian Journal of Statistics},
	Pages = {65--70},
	Title = {A simple sequentially rejective multiple test procedure},
	Volume = 6,
	Year = 1979}

@article{Dunn1961,
	Author = {Dunn, O.J.},
	Journal = {Journal of the American Statistical Association},
	Pages = {52--64},
	Title = {Multiple comparisons among means},
	Volume = 56,
	Year = 1961}

@article{Shaffer1995,
	Author = {Shaffer, J. P.},
	Journal = {Annual Review of Psychology},
	Pages = {561--584},
	Title = {Multiple hypothesis testing},
	Volume = 46,
	Year = 1995}

@incollection{Levene1960,
	Address = {Palo Alto, CA},
	Author = {Levene, H},
	Booktitle = {Contributions to Probability and Statistics: Essays in Honor of Harold Hotelling},
	Editor = {I. Olkin et al},
	Pages = {278--292},
	Publisher = {Stanford University Press},
	Title = {Robust tests for equality of variances},
	Year = 1960}

@article{BrownForsythe1974,
	Author = {Brown, M. B. and Forsythe, A. B.},
	Journal = {Journal of the American Statistical Association},
	Pages = {364--367},
	Title = {Robust tests for equality of variances},
	Volume = 69,
	Year = 1974}

@article{KruskalWallis1952,
	Author = {Kruskal, W. H. and Wallis, W. A.},
	Journal = {Journal of the American Statistical Association},
	Pages = {583--621},
	Title = {Use of ranks in one-criterion variance analysis},
	Volume = 47,
	Year = 1952}

@article{Welch1951,
	Author = {Welch, B. L.},
	Journal = {Biometrika},
	Pages = {330--336},
	Title = {On the comparison of several mean values: An alternative approach},
	Volume = 38,
	Year = 1951}

@article{Welch1947,
	Author = {Welch, B. L.},
	Journal = {Biometrika},
	Pages = {28--35},
	Title = {The generalization of ``{S}tudent's'' problem when several different population variances are involved},
	Volume = 34,
	Year = 1947}
